@Article{Baker-2004,
  title = {Variation in wood density determines spatial patterns in Amazonian forest biomass},
  volume = {10},
  doi = {10.1111/j.1365-2486.2004.00751.x},
  journal = {Global Change Biology},
  author = {Timothy R. Baker and Oliver L. Phillips and Yadvinder Malhi and Samuel Almeida and Luzmila Arroyo and Anthony Di Fiore and Terry Erwin and Tim J. Killeen and S. G. Laurance and W. F. Laurance and S. L. Lewis and Jon Lloyd and Abel Monteagudo and David A. Neill and S. Pati{\~n}o and N. C. A. Pitman and J. N. M. Silva and R. V. Martinez},
  year = {2004},
  pages = {545--562},
}


@incollection{Bernacchi-2009,
	address = {Dordrecht},
	title = {Modeling the {Temperature} {Dependence} of {C}3 {Photosynthesis}},
	booktitle = {Photosynthesis in silico  : {Understanding} {Complexity} from {Molecules} to {Ecosystems}},
	publisher = {Springer Netherlands},
	author = {Bernacchi, Carl J. and Rosenthal, David M. and Pimentel, Carlos and Long, Stephen P. and Farquhar, Graham D.},
	editor = {Laisk, Agu and Nedbal, Ladislav and {Govindjee}},
	year = {2009},
	pages = {231--246},
}
@article{Blackman-2012,
	title = {Leaf hydraulic vulnerability influences speciesâ€™ bioclimatic limits in a diverse group of woody angiosperms},
	volume = {168},
	number = {1},
	journal = {Oecologia},
	author = {Blackman, C. J. and Brodribb, T. J. and Jordan, G. J.},
	year = {2012},
	pages = {1--10},
}


@article{Blackman-2014,
	title = {Leaf hydraulic vulnerability to drought is linked to site water availability across a broad range of species and climates},
	volume = {114},
	doi = {10.1093/aob/mcu131},
	number = {3},
	journal = {Annals of Botany},
	author = {Blackman, C. J. and Gleason, S. M. and Chang, Y. and Cook, A. M. and Laws, C. and Westoby, M.},
	year = {2014},
	pages = {435--440},
}

@Article{Bridle-2007,
  title = {Limits to evolution at range margins: when and why does adaptation fail?},
  volume = {22},
  doi = {10.1016/j.tree.2006.11.002},
  number = {3},
  journal = {Trends in Ecology \& Evolution},
  author = {Jon R Bridle and Timothy H Vines},
  year = {2007},
  pages = {140--147},
}

@Article{Case-2000,
  title = {Interspecific competition, environmental gradients, gene flow, and the coevolution of species' borders},
  volume = {155},
  doi = {10.1086/303351},
  number = {5},
  journal = {The American Naturalist},
  author = {Ted J. Case and Mark L. Taper},
  year = {2000},
  pages = {583--605},
}

@article{Calcagno-2006,
  title = {Coexistence in a Metacommunity: The Competition\textendash{}colonization Trade-off Is Not Dead},
  volume = {9},
  shorttitle = {Coexistence in a Metacommunity},
  number = {8},
  journal = {Ecology Letters},
  author = {Calcagno, Vincent and Mouquet, Nicolas and Jarne, Philippe and David, P.},
  year = {2006},
  pages = {897--907}
}

@article{Case-2005,
  title = {The Community Context of Species' Borders: Ecological and Evolutionary Perspectives},
  volume = {108},
  shorttitle = {The Community Context of Species' Borders},
  number = {1},
  journal = {Oikos},
  author = {Case, Ted J. and Holt, Robert D. and McPeek, Mark A. and Keitt, Timothy H.},
  year = {2005},
  pages = {28--46}
}


@article{Chen-2016,
  title = {A General Method for Parameter Estimation in Light-Response Models},
  volume = {6},
  doi = {10.1038/srep27905},
  number = {1},
  journal = {Scientific Reports},
  author = {Chen, Lei and Li, Zhong-Bin and Hui, Cang and Cheng, Xiaofei and Li, Bai-Lian and Shi, Pei-Jian},
  month = sep,
  year = {2016}
}

@article{Collatz-1991,
  title = {Physiological and Environmental Regulation of Stomatal Conductance, Photosynthesis and Transpiration: A Model That Includes a Laminar Boundary Layer},
  volume = {54},
  doi = {10.1016/0168-1923(91)90002-8},
  number = {2},
  journal = {Agricultural and Forest Meteorology},
  author = {Collatz, G.James and Ball, J.Timothy and Grivet, Cyril and Berry, Joseph A},
  month = apr,
  year = {1991},
  pages = {107--136}
}


@Article{Charrier-2013,
  title = {Evaluation of the impact of frost resistances on potential altitudinal limit of trees},
  volume = {33},
  doi = {10.1093/treephys/tpt062},
  number = {9},
  journal = {Tree Physiology},
  author = {G. Charrier and H. Cochard and T. Ameglio},
  year = {2013},
  pages = {891--902},
}

@Article{Chave-2006,
  title = {Regional and phylogenetic variation of wood density across 2456 neotropical tree species},
  volume = {16},
  doi = {10.1890/1051-0761(2006)016[2356:RAPVOW]2.0.CO;2},
  journal = {Ecological Applications},
  author = {J. Chave and H. C. Muller-Landau and T. R. Baker and Tomas A Easdale and H. T. Steege and C. O. Webb},
  year = {2006},
  pages = {2356--2367},
}

@Article{Chave-2009,
  title = {Towards a worldwide wood economics spectrum},
  volume = {12},
  doi = {10.1111/j.1461-0248.2009.01285.x},
  journal = {Ecology Letters},
  author = {J. Chave and D. A. Coomes and S. Jansen and S. L. Lewis and N. G. Swenson and A. Zanne},
  year = {2009},
  pages = {351--366},
}

@Article{Chen-2009,
  title = {Inter-species variation of photosynthetic and xylem hydraulic traits in the deciduous and evergreen Euphorbiaceae tree species from a seasonally tropical forest in south-western China},
  volume = {24},
  doi = {10.1007/s11284-008-0482-4},
  number = {1},
  journal = {Ecological Research},
  author = {Jun-Wen Chen and Qiang Zhang and Kun-Fang Cao},
  year = {2009},
  pages = {65--73},
}

@Article{Choat-2011,
  title = {Xylem traits mediate a trade-off between resistance to freeze-thaw-induced embolism and photosynthetic capacity in overwintering evergreens},
  volume = {191},
  doi = {10.1111/j.1469-8137.2011.03772.x},
  number = {4},
  journal = {New Phytologist},
  author = {Brendan Choat and Danielle E. Medek and Stephanie A. Stuart and Jessica Pasquet-Kok and John J. G. Egerton and Hooman Salari and Lawren Sack and Marilyn C. Ball},
  year = {2011},
  pages = {996--1005},
}

@Article{Cornwell-2009,
  title = {Community assembly and shifts in plant trait distributions across an environmental gradient in coastal California},
  volume = {79},
  journal = {Ecological Monographs},
  author = {William K. Cornwell and David D. Ackerly},
  year = {2009},
  pages = {109--126},
}

@Article{Doebeli-2003,
  title = {Speciation along environmental gradients},
  volume = {421},
  doi = {10.1038/nature01274},
  journal = {Nature},
  author = {Michael Doebeli and U. Dieckmann},
  year = {2003},
  pages = {259--264},
}


@article{Domingues-2010,
  title = {Co-Limitation of Photosynthetic Capacity by Nitrogen and Phosphorus in {{West Africa}} Woodlands: {{Nutrients}} Constraints on Photosynthesis in {{African}} Woodlands},
  volume = {33},
  shorttitle = {Co-Limitation of Photosynthetic Capacity by Nitrogen and Phosphorus in {{West Africa}} Woodlands},
  doi = {10.1111/j.1365-3040.2010.02119.x},
  number = {6},
  journal = {Plant, Cell \& Environment},
  author = {Domingues, Tomas Ferreira and Meir, Patrick and Feldpausch, Ted R. and Saiz, Gustavo and Veenendaal, Elmar M. and Schrodt, Franziska and Bird, Michael and Djagbletey, Gloria and Hien, Fidele and Compaore, Halidou and Diallo, Adama and Grace, John and Lloyd, Jon},
  month = jan,
  year = {2010},
  pages = {959--980}
}




@article{Dong-2017,
  title = {Leaf Nitrogen from First Principles: Field Evidence for Adaptive Variation with Climate},
  volume = {14},
  shorttitle = {Leaf Nitrogen from First Principles},
  doi = {10.5194/bg-14-481-2017},
  number = {2},
  journal = {Biogeosciences},
  author = {Dong, Ning and Prentice, Iain Colin and Evans, Bradley J. and Caddy-Retalic, Stefan and Lowe, Andrew J. and Wright, Ian J.},
  month = jan,
  year = {2017},
  pages = {481--495}
}

@Article{Douma-2011,
  title = {Disturbance and resource availability act differently on the same suite of plant traits: revisiting assembly hypotheses},
  volume = {93},
  doi = {10.1890/10-1961.1},
  journal = {Ecology},
  author = {J. C. Douma and B Shipley and J.-P. M. Witte and R Aerts and P. M. van Bodegom},
  year = {2011},
  pages = {825--835},
}


@article{Duursma-2015,
  title = {Plantecophys - {{An R Package}} for {{Analysing}} and {{Modelling Leaf Gas Exchange Data}}},
  volume = {10},
  doi = {10.1371/journal.pone.0143346},
  number = {11},
  journal = {PLOS ONE},
  author = {Duursma, Remko A.},
  editor = {Struik, Paul C.},
  month = nov,
  year = {2015},
  pages = {e0143346}
}


@Article{Falster-2011,
  author = {D S Falster and {\AA} Br\"annstr\"om and U Dieckmann and M Westoby},
  title = {Influence of four major plant traits on average
                  height, leaf-area cover, net primary productivity,
                  and biomass density in single-species forests: a
                  theoretical investigation},
  journal = {Journal of Ecology},
  year = {2011},
  volume = {99},
  pages = {148 -- 164},
}

@article{Falster-2016,
  title = {Plant: {{A}} Package for Modelling Forest Trait Ecology and Evolution},
  volume = {7},
  doi = {10.1111/2041-210X.12525},
  number = {2},
  journal = {Methods in Ecology and Evolution},
  author = {Falster, Daniel S. and FitzJohn, Richard G. and Br{\"a}nnstr{\"o}m, {\AA}ke and Dieckmann, Ulf and Westoby, Mark},
  month = feb,
  year = {2016},
  keywords = {Demography,emergent,fitness,growth,metapopulation,Mortality,physiology,Reproduction,size structure,trade-off},
  pages = {136--146}
}


@article{Falster-2017,
  title = {Multitrait Successional Forest Dynamics Enable Diverse Competitive Coexistence},
  volume = {114},
  journal = {Proceedings of the National Academy of Sciences},
  author = {Falster, Daniel S. and Br{\"a}nnstr{\"o}m, $\backslash$AAke and Westoby, Mark and Dieckmann, Ulf},
  year = {2017},
  pages = {E2719--E2728}
}





@Article{Farrior-2013,
  title = {Competition for Water and Light in Closed-Canopy Forests: A Tractable Model of Carbon Allocation with Implications for Carbon Sinks},
  volume = {181},
  url = {http://www.jstor.org/stable/10.1086/669153},
  number = {3},
  journal = {The American Naturalist},
  author = {Caroline E. Farrior and Ray Dybzinski and Simon A. Levin and Stephen W. Pacala},
  year = {2013},
  pages = {314--330},
}

@Article{Fisher-2010,
  title = {Assessing uncertainties in a second-generation dynamic vegetation model caused by ecological scale limitations},
  volume = {187},
  doi = {10.1111/j.1469-8137.2010.03340.x},
  number = {3},
  journal = {New Phytologist},
  author = {Rosie Fisher and Nate McDowell and Drew Purves and Paul Moorcroft and Stephen Sitch and Peter Cox and Chris Huntingford and Patrick Meir and F. Ian Woodward},
  year = {2010},
  pages = {666--681},
}

@Article{Fortunel-2012,
  title = {Leaf, stem and root tissue strategies across 758 Neotropical tree species},
  volume = {26},
  doi = {10.1111/j.1365-2435.2012.02020.x},
  journal = {Functional Ecology},
  author = {Claire Fortunel and Paul V. A. Fine and Christopher Baraloto},
  year = {2012},
  pages = {1153--1161},
}

@Article{Fortunel-2013,
  title = {Wood specific gravity and anatomy of branches and roots in 113 Amazonian rainforest tree species across environmental gradients},
  doi = {10.1111/nph.12632},
  journal = {New Phytologist},
  author = {Claire Fortunel and Julien Ruelle and Jacques Beauch{\^e}ne and Paul V. A. Fine and Christopher Baraloto},
  year = {2013},
  volume = {202},
  pages = {79--94},
}

@Article{Fortunel-2014,
  title = {Environmental factors predict community functional composition in Amazonian forests},
  volume = {102},
  doi = {10.1111/1365-2745.12160},
  journal = {Journal of Ecology},
  author = {Claire Fortunel and C. E. Timothy Paine and Paul V. A. Fine and Nathan J. B. Kraft and Christopher Baraloto},
  year = {2014},
  pages = {145--155},
}

@Article{Gleason-2012,
  title = {Stem xylem conductivity is key to plant water balance across Australian angiosperm species: Plant stem hydraulic traits},
  volume = {26},
  journal = {Functional Ecology},
  author = {Sean M. Gleason and Don W. Butler and Kasia Ziemi{\'n}ska and Pawe{\l} Waryszak and Mark Westoby},
  year = {2012},
  pages = {343--352},
}


@article{Gleason-2016,
	title = {Weak tradeoff between xylem safety and xylem-specific hydraulic efficiency across the world's woody plant species},
	volume = {209},
	doi = {10.1111/nph.13646},
	number = {1},
	journal = {New Phytologist},
	author = {Gleason, Sean M. and Westoby, Mark and Jansen, Steven and Choat, Brendan and Hacke, Uwe G. and Pratt, Robert B. and Bhaskar, Radika and Brodribb, Tim J. and Bucci, Sandra J. and Cao, Kun-Fang and Cochard, HervÃ© and Delzon, Sylvain and Domec, Jean-Christophe and Fan, Ze-Xin and Feild, Taylor S. and Jacobsen, Anna L. and Johnson, Daniel M. and Lens, Frederic and Maherali, Hafiz and MartÃ­nez-Vilalta, Jordi and Mayr, Stefan and McCulloh, Katherine A. and Mencuccini, Maurizio and Mitchell, Patrick J. and Morris, Hugh and Nardini, Andrea and Pittermann, Jarmila and PlavcovÃ¡, Lenka and Schreiber, Stefan G. and Sperry, John S. and Wright, Ian J. and Zanne, Amy E.},
	month = jan,
	year = {2016},
	pages = {123--136},
}

@Article{Goldberg-2006,
  title = {Ecological and reproductive character displacement on an environmental gradient},
  volume = {60},
  doi = {10.1111/j.0014-3820.2006.tb01214.x},
  number = {7},
  journal = {Evolution},
  author = {Emma E. Goldberg and Russell Lande},
  year = {2006},
  pages = {1344--1357},
}

@Article{Huston-1987,
  title = {Plant Succession: Life History and Competition},
  volume = {130},
  doi = {10.2307/2461854},
  number = {2},
  journal = {The American Naturalist},
  author = {Michael Huston and Thomas Smith},
  year = {1987},
  pages = {168--198},
}


@article{Johnson-1984,
	title = {A model of instantaneous and daily canopy photosynthesis},
	volume = {107},
	number = {4},
	journal = {Journal of Theoretical Biology},
	author = {Johnson, I.R. and Thornley, J.H.M.},
	year = {1984},
	pages = {531--545}
}

@article{Kattge-2011,
  title = {{{TRY}} - a Global Database of Plant Traits},
  volume = {17},
  doi = {10.1111/j.1365-2486.2011.02451.x},
  number = {9},
  journal = {Global Change Biology},
  author = {Kattge, J. and D{\'\i}Az, S. and Lavorel, S. and Prentice, I. C. and Leadley, P. and B{\"o}Nisch, G. and Garnier, E. and Westoby, M. and Reich, P. B. and Wright, I. J. and Cornelissen, J. H. C. and Violle, C. and Harrison, S. P. and Van BODEGOM, P. M. and Reichstein, M. and Enquist, B. J. and Soudzilovskaia, N. A. and Ackerly, D. D. and Anand, M. and Atkin, O. and Bahn, M. and Baker, T. R. and Baldocchi, D. and Bekker, R. and Blanco, C. C. and Blonder, B. and Bond, W. J. and Bradstock, R. and Bunker, D. E. and Casanoves, F. and Cavender-Bares, J. and Chambers, J. Q. and Chapin Iii, F. S. and Chave, J. and Coomes, D. and Cornwell, W. K. and Craine, J. M. and Dobrin, B. H. and Duarte, L. and Durka, W. and Elser, J. and Esser, G. and Estiarte, M. and Fagan, W. F. and Fang, J. and Fern{\'a}Ndez-M{\'e}Ndez, F. and Fidelis, A. and Finegan, B. and Flores, O. and Ford, H. and Frank, D. and Freschet, G. T. and Fyllas, N. M. and Gallagher, R. V. and Green, W. A. and Gutierrez, A. G. and Hickler, T. and Higgins, S. I. and Hodgson, J. G. and Jalili, A. and Jansen, S. and Joly, C. A. and Kerkhoff, A. J. and Kirkup, D. and Kitajima, K. and Kleyer, M. and Klotz, S. and Knops, J. M. H. and Kramer, K. and K{\"u}Hn, I. and Kurokawa, H. and Laughlin, D. and Lee, T. D. and Leishman, M. and Lens, F. and Lenz, T. and Lewis, S. L. and Lloyd, J. and Llusi{\`a}, J. and Louault, F. and Ma, S. and Mahecha, M. D. and Manning, P. and Massad, T. and Medlyn, B. E. and Messier, J. and Moles, A. T. and M{\"u}Ller, S. C. and Nadrowski, K. and Naeem, S. and Niinemets, {\"u}. and N{\"o}Llert, S. and N{\"u}Ske, A. and Ogaya, R. and Oleksyn, J. and Onipchenko, V. G. and Onoda, Y. and Ordo{\~n}Ez, J. and Overbeck, G. and Ozinga, W. A. and Pati{\~n}O, S. and Paula, S. and Pausas, J. G. and Pe{\~n}Uelas, J. and Phillips, O. L. and Pillar, V. and Poorter, H. and Poorter, L. and Poschlod, P. and Prinzing, A. and Proulx, R. and Rammig, A. and Reinsch, S. and Reu, B. and Sack, L. and Salgado-Negret, B. and Sardans, J. and Shiodera, S. and Shipley, B. and Siefert, A. and Sosinski, E. and Soussana, J.-F. and Swaine, E. and Swenson, N. and Thompson, K. and Thornton, P. and Waldram, M. and Weiher, E. and White, M. and White, S. and Wright, S. J. and Yguel, B. and Zaehle, S. and Zanne, A. E. and Wirth, C.},
  month = sep,
  year = {2011},
  pages = {2905--2935}
}

@article{Kattge-2009,
  title = {Quantifying Photosynthetic Capacity and Its Relationship to Leaf Nitrogen Content for Global-Scale Terrestrial Biosphere Models},
  volume = {15},
  doi = {10.1111/j.1365-2486.2008.01744.x},
  number = {4},
  journal = {Global Change Biology},
  author = {Kattge, Jens and Knorr, Wolfgang and Raddatz, Thomas and Wirth, Christian},
  month = apr,
  year = {2009},
  pages = {976--991}
}


@book{Keddy-1989,
  title = {Competition},
  publisher = {{Springer Netherlands}},
  author = {Keddy, P. A.},
  year = {1989}
}


@Article{Kirkpatrick-1997,
  title = {Evolution of a species' range},
  volume = {150},
  doi = {10.1086/286054},
  number = {1},
  journal = {The American Naturalist},
  author = {Mark Kirkpatrick and N. H. Barton},
  year = {1997},
  pages = {1--23},
}


@article{Koehler-2012,
  title = {Evidence for a Freezing Tolerance-Growth Rate Trade-off in the Live Oaks ({{Quercus}} Series {{Virentes}}) across the Tropical-Temperate Divide},
  volume = {193},
  doi = {10.1111/j.1469-8137.2011.03992.x},
  number = {3},
  journal = {New Phytologist},
  author = {Koehler, Kari and Center, Alyson and Cavender-Bares, Jeannine},
  month = feb,
  year = {2012},
  pages = {730--744}
}



@Article{Kooyman-2010,
  title = {Plant functional traits in Australian subtropical rain forest : partitioning within-community from cross-landscape variation},
  volume = {98},
  doi = {10.1111/j.1365-2745.2010.01642.x},
  journal = {Journal of Ecology},
  author = {R. Kooyman and W. Cornwell and M. Westoby},
  year = {2010},
  pages = {517--525},
}

@Article{Laughlin-2012,
  title = {A predictive model of community assembly that incorporates intraspecific trait variation},
  volume = {15},
  doi = {10.1111/j.1461-0248.2012.01852.x},
  journal = {Ecology Letters},
  author = {Daniel C. Laughlin and Chaitanya Joshi and Peter M. Bodegom and Zachary A. Bastow and Peter Z. Ful \'e},
  year = {2012},
  pages = {1291--1299},
}


@article{Law-1997,
  title = {On Evolution under Asymmetric Competition},
  volume = {11},
  number = {4},
  journal = {Evolutionary Ecology},
  author = {Law, R. and Marrow, P. and Dieckmann, U.},
  year = {1997},
  pages = {485--501}
}


@article{Leigh-2012,
  title = {Do Thick Leaves Avoid Thermal Damage in Critically Low Wind Speeds?},
  volume = {194},
  doi = {10.1111/j.1469-8137.2012.04058.x},
  number = {2},
  journal = {New Phytologist},
  author = {Leigh, A. and Sevanto, S. and Ball, M. C. and Close, J. D. and Ellsworth, D. S. and Knight, C. A. and Nicotra, A. B. and Vogel, S.},
  month = apr,
  year = {2012},
  pages = {477--487}
}


@Article{Leimar-2008,
  title = {Evolution of phenotypic clusters through competition and local adaptation along an environmental gradient},
  volume = {62},
  doi = {10.1111/j.1558-5646.2008.00334.x},
  number = {4},
  journal = {Evolution},
  author = {Olof Leimar and Michael Doebeli and Ulf Dieckmann},
  year = {2008},
  pages = {807--822},
}


@article{Leimar-2013,
  title = {Limiting similarity, species packing, and the shape of competition kernels},
  volume = {339},
  doi = {10.1016/j.jtbi.2013.08.005},
  journal = {Journal of Theoretical Biology},
  author = {Leimar, O. and Sasaki, A. and Doebeli, M. and Dieckmann, U.},
  year = {2013},
  pages = {3 -- 13}
}


@article{Leuning-1995,
	title = {A critical appraisal of a combined stomatal-photosynthesis model for {C}3 plants},
	volume = {18},
	number = {4},
	journal = {Plant, Cell \& Environment},
	author = {Leuning, R.},
	year = {1995},
	pages = {339--355}
}

@article{Lienard-2016,
  title = {An Individual-Based Forest Model Links Canopy Dynamics and Shade Tolerances along a Soil Moisture Gradient},
  volume = {3},
  doi = {10.1098/rsos.150589},
  number = {2},
  journal = {Royal Society Open Science},
  author = {Li{\'e}nard, Jean and Strigul, Nikolay},
  month = feb,
  year = {2016},
  pages = {150589}
}

@article{Loehle-1998,
  title = {Height Growth Rate Tradeoffs Determine Northern and Southern Range Limits for Tree},
  volume = {25},
  journal = {Journal of Biogeography},
  author = {Loehle, C},
  year = {1998},
  pages = {735--742}
}


@article{Lu-2016,
  title = {Optimal Stomatal Behaviour under Stochastic Rainfall},
  volume = {394},
  doi = {10.1016/j.jtbi.2016.01.003},
  journal = {Journal of Theoretical Biology},
  author = {Lu, Yaojie and Duursma, Remko A. and Medlyn, Belinda E.},
  month = apr,
  year = {2016},
  pages = {160--171}
}

@article{Lusk-2013,
  title = {Correlates of Tree Species Sorting along a Temperature Gradient in {{New Zealand}} Rain Forests: Seedling Functional Traits, Growth and Shade Tolerance},
  volume = {101},
  shorttitle = {Correlates of Tree Species Sorting along a Temperature Gradient in {{New Zealand}} Rain Forests},
  doi = {10.1111/1365-2745.12152},
  number = {6},
  journal = {Journal of Ecology},
  author = {Lusk, Christopher H. and Kaneko, Teruko and Grierson, Ella and Clearwater, Michael},
  editor = {Gilliam, Frank},
  month = nov,
  year = {2013},
  pages = {1531--1541}
}



@Article{Maherali-2004,
  title = {Adaptive variation in the vulnerability of woody plants to xylem cavitation},
  volume = {85},
  url = {http://www.esajournals.org/doi/abs/10.1890/02-0538},
  number = {8},
  journal = {Ecology},
  author = {Hafiz Maherali and William T. Pockman and Robert B. Jackson},
  year = {2004},
  pages = {2184--2199},
}

@Article{Maire-2015,
  title = {Global effects of soil and climate on leaf photosynthetic traits and rates: Effects of soil and climate on photosynthetic traits},
  volume = {24},
  doi = {10.1111/geb.12296},
  journal = {Global Ecology and Biogeography},
  author = {Vincent Maire and Ian J. Wright and I. Colin Prentice and Niels H. Batjes and Radika Bhaskar and Peter M. van Bodegom and Will K. Cornwell and David Ellsworth and {\"U}lo Niinemets and Alejandro Ordonez and Peter B. Reich and Louis S. Santiago},
  year = {2015},
  pages = {706--717},
}


@article{Makela-2002,
  title = {Challenges and Opportunities of the Optimality Approach in Plant Ecology},
  volume = {36},
  number = {3},
  journal = {Silva Fennica},
  author = {Makela, Annikki and Givnish, Thomas J. and Berninger, Frank and Buckley, Thomas N. and Farquhar, Graham D. and Hari, Pertti},
  year = {2002},
  pages = {605--614}
}


@Article{Markesteijn-2011,
  title = {Hydraulics and life history of tropical dry forest tree species: coordination of species' drought and shade tolerance},
  volume = {191},
  doi = {10.1111/j.1469-8137.2011.03708.x},
  number = {2},
  journal = {New Phytologist},
  author = {Lars Markesteijn and Lourens Poorter and Frans Bongers and Horacio Paz and Lawren Sack},
  year = {2011},
  pages = {480--495},
}


@article{Marechaux-2017,
  title = {An Individual-Based Forest Model to Jointly Simulate Carbon and Tree Diversity in {{Amazonia}}: Description and Applications},
  shorttitle = {An Individual-Based Forest Model to Jointly Simulate Carbon and Tree Diversity in {{Amazonia}}},
  doi = {10.1002/ecm.1271},
  journal = {Ecological Monographs},
  author = {Mar{\'e}chaux, Isabelle and Chave, J{\'e}r{\^o}me},
  month = jul,
  year = {2017}
}

@Article{McDowell-2008,
  title = {Mechanisms of plant survival and mortality during drought: why do some plants survive while others succumb to drought?},
  volume = {178},
  doi = {10.1111/j.1469-8137.2008.02436.x},
  number = {4},
  journal = {New Phytologist},
  author = {Nate McDowell and William T. Pockman and Craig D. Allen and David D. Breshears and Neil Cobb and Thomas Kolb and Jennifer Plaut and John Sperry and Adam West and David G. Williams and Enrico A. Yepez},
  year = {2008},
  pages = {719--739},
}

@Article{McDowell-2011,
  title = {Mechanisms Linking Drought, Hydraulics, Carbon Metabolism, and Vegetation Mortality},
  volume = {155},
  doi = {10.1104/pp.110.170704},
  number = {3},
  journal = {{PLANT} {PHYSIOLOGY}},
  author = {N. G. McDowell},
  year = {2011},
  pages = {1051--1059},
}


@article{Medlyn-2002,
  title = {Temperature Response of Parameters of a Biochemically Based Model of Photosynthesis. {{II}}. {{A}} Review of Experimental Data},
  volume = {25},
  number = {9},
  journal = {Plant, Cell \& Environment},
  author = {Medlyn, B. E. and Dreyer, Erwin and Ellsworth, D. and Forstreuter, M. and Harley, P. C. and Kirschbaum, M. U. F. and Le Roux, Xavier and Montpied, Pierre and Strassemeyer, J. and Walcroft, A. and {others}},
  year = {2002},
  pages = {1167--1179}
}


@article{Medlyn-2011,
  title = {Reconciling the Optimal and Empirical Approaches to Modelling Stomatal Conductance: {{RECONCILING OPTIMAL AND EMPIRICAL STOMATAL MODELS}}},
  volume = {17},
  doi = {10.1111/j.1365-2486.2010.02375.x},
  number = {6},
  journal = {Global Change Biology},
  author = {Medlyn, Belinda E. and Duursma, Remko A. and Eamus, Derek and Ellsworth, David S. and Prentice, I. Colin and Barton, Craig V. M. and Crous, Kristine Y. and De Angelis, Paolo and Freeman, Michael and Wingate, Lisa},
  year = {2011},
  pages = {2134--2144}
}

@Article{Moles-2014,
  title = {Which is a better predictor of plant traits: temperature or precipitation?},
  doi = {10.1111/jvs.12190},
  journal = {Journal of Vegetation Science},
  author = {Angela T. Moles and Sarah E. Perkins and Shawn W. Laffan and Habacuc Flores-Moreno and Monica Awasthy and Marianne L. Tindall and Lawren Sack and Andy Pitman and Jens Kattge and Lonnie W. Aarssen and Madhur Anand and Michael Bahn and Benjamin Blonder and Jeannine Cavender-Bares and J. Hans C. Cornelissen and Will K. Cornwell and Sandra D{\'\i}az and John B. Dickie and Gr{\'e}goire T. Freschet and Joshua G. Griffiths and Alvaro G. Gutierrez and Frank A. Hemmings and Thomas Hickler and Timothy D. Hitchcock and Matthew Keighery and Michael Kleyer and Hiroko Kurokawa and Michelle R. Leishman and Kenwin Liu and {\"U}lo Niinemets and Vladimir Onipchenko and Yusuke Onoda and Josep Penuelas and Val{\'e}rio D. Pillar and Peter B. Reich and Satomi Shiodera and Andrew Siefert and Enio E. Sosinski and Nadejda A. Soudzilovskaia and Emily K. Swaine and Nathan G. Swenson and Peter M. van Bodegom and Laura Warman and Evan Weiher and Ian J. Wright and Hongxiang Zhang and Martin Zobel and Stephen P. Bonser},
  year = {2014},
  volume = {25},
  pages = {1167â€“1180},
}


@article{Muller-Landau-2010,
  title = {The Tolerance-Fecundity Trade-off and the Maintenance of Diversity in Seed Size.},
  volume = {107},
  doi = {10.1073/pnas.0911637107},
  number = {9},
  journal = {Proceedings of the National Academy of Sciences of the United States of America},
  author = {Muller-Landau, Helene C},
  month = mar,
  year = {2010},
  keywords = {Fertility,Plant Physiological Phenomena,Seeds,Species Specificity},
  pages = {4242--7}
}



@Article{Niinemets-2001,
  title = {Global-scale climatic controls of leaf dry mass per area, density, and thickness in trees and shrubs},
  volume = {82},
  doi = {10.1890/0012-9658(2001)082[0453:GSCCOL]2.0.CO;2},
  journal = {Ecology},
  author = {{\"U}lo Niinemets},
  year = {2001},
  pages = {453--469},
}

@article{Niinemets-2006,
  title = {Tolerance to Shade, Drought, and Waterlogging of Temperate {{Northern Hemisphere}} Trees and Shrubs},
  volume = {76},
  number = {4},
  journal = {Ecological Monographs},
  author = {Niinemets, {\"U}lo and Valladares, Fernando},
  year = {2006},
  pages = {521--547}
}


@article{Onoda-2004,
  title = {Allocation of Nitrogen to Cell Walls Decreases Photosynthetic Nitrogen-Use Efficiency},
  volume = {18},
  number = {3},
  journal = {Functional Ecology},
  author = {Onoda, Yusuke and Hikosaka, Kouki and Hirose, Tadaki},
  year = {2004},
  pages = {419--425}
}



@Article{Onoda-2011,
  title = {Global patterns of leaf mechanical properties},
  volume = {14},
  doi = {10.1111/j.1461-0248.2010.01582.x},
  journal = {Ecology Letters},
  author = {Yusuke Onoda and Mark Westoby and Peter B. Adler and Amy M. F. Choong and Fiona J. Clissold and Johannes H. C. Cornelissen and Sandra D{\'\i}az and Nathaniel J. Dominy and Alison Elgart and Lucas Enrico and Paul V. A. Fine and Jerome J. Howard and Adel Jalili and Kaoru Kitajima and Hiroko Kurokawa and Clare McArthur and Peter W. Lucas and Lars Markesteijn and Natalia P{\'e}rez-Harguindeguy and Lourens Poorter and Lora Richards and Louis S. Santiago and Enio E. Sosinski and Sunshine A. Van Bael and David I. Warton and I. J. Wright and S. J. Wright and Nayuta Yamashita},
  year = {2011},
  pages = {301--312},
}

@Article{Ordonez-2009,
  title = {A global study of relationships between leaf traits, climate and soil measures of nutrient fertility},
  volume = {18},
  doi = {10.1111/j.1466-8238.2008.00441.x},
  journal = {Global Ecology and Biogeography},
  author = {Jenny C. Ordo{\~n}ez and Peter M. van Bodegom and Jan-Philip M. Witte and Ian J. Wright and Peter B. Reich and Rien Aerts},
  year = {2009},
  pages = {137--149},
}

@article{Pacala-1998,
  title = {Models Suggesting Field Experiments to Test Two Hypotheses Explaining Successional Diversity},
  volume = {152},
  number = {5},
  journal = {The American Naturalist},
  author = {Pacala, Stephen W. and Rees, Mark},
  year = {1998},
  pages = {729--737}
}

@article{Pfautsch-2016,
	title = {Climate determines vascular traits in the ecologically diverse genus \textit{{Eucalyptus}}},
	volume = {19},
	issn = {1461023X},
	doi = {10.1111/ele.12559},
	journal = {Ecology Letters},
	author = {Pfautsch, Sebastian and Harbusch, Marco and Wesolowski, Anita and Smith, Renee and Macfarlane, Craig and Tjoelker, Mark G. and Reich, Peter B. and Adams, Mark A.},
	year = {2016},
	pages = {240--248},
}

@Article{Polechova-2005,
  title = {Speciation through competition: a critical review},
  volume = {59},
  doi = {10.1554/04-691},
  number = {6},
  journal = {Evolution},
  author = {Jitka Polechov \'a and Nicholas H. Barton and S. Gavrilefs},
  year = {2005},
  pages = {1194--1210},
}

@Article{Pontarp-2015,
  title = {Adaptation of timing of life history traits and population dynamic responses to climate change in spatially structured populations},
  volume = {29},
  doi = {10.1007/s10682-015-9759-6},
  number = {4},
  journal = {Evolutionary Ecology},
  author = {Mikael Pontarp and Jacob Johansson and Niclas Jonz{\'e}n and Per Lundberg},
  year = {2015},
  pages = {565--579},
}

@Article{Poorter-2010,
  title = {The importance of wood traits and hydraulic conductance for the performance and life history strategies of 42 rainforest tree species},
  volume = {185},
  doi = {10.1111/j.1469-8137.2009.03092.x},
  number = {2},
  journal = {New Phytologist},
  author = {Lourens Poorter and Imole McDonald and Alfredo Alarc{\'o}n and Esther Fichtler and Juan-Carlos Licona and Marielos Pe{\~n}a-Claros and Frank Sterck and Zulma Villegas and Ute Sass-Klaassen},
  year = {2010},
  pages = {481--492},
}


@article{Haxeltine-1996,
  title = {A {{General Model}} for the {{Light}}-{{Use Efficiency}} of {{Primary Production}}},
  volume = {10},
  doi = {10.2307/2390165},
  number = {5},
  journal = {Functional Ecology},
  author = {Haxeltine, A. and Prentice, I. C.},
  year = {1996},
  pages = {551--561}
}



@Article{Prentice-2014,
  title = {Balancing the costs of carbon gain and water transport: testing a new theoretical framework for plant functional ecology},
  volume = {17},
  doi = {10.1111/ele.12211},
  number = {1},
  journal = {Ecology Letters},
  author = {I. Colin Prentice and Ning Dong and Sean M. Gleason and Vincent Maire and Ian J. Wright},
  editor = {Josep Penuelas},
  year = {2014},
  pages = {82--91},
}

@Article{Preston-2006,
  title = {Wood density and vessel traits as distinct correlates of ecological strategy in 51 California coast range angiosperms.},
  volume = {170},
  journal = {New Phytologist},
  author = {Katherine A Preston and William K Cornwell and Jeanne L Denoyer},
  year = {2006},
  pages = {807--18},
}

@Article{Price-2009,
  title = {Evolutionarily stable range limits set by interspecific competition},
  doi = {10.1098/rspb.2008.1199},
  journal = {Proceedings of the Royal Society of London B: Biological Sciences},
  author = {Trevor D. Price and Mark Kirkpatrick},
  year = {2009},
  pages = {rspb.2008.1199},
}

@Article{Reich-2004,
  title = {Global patterns of plant leaf N and P in relation to temperature and latitude},
  volume = {101},
  url = {http://www.pnas.org/content/101/30/11001.short},
  journal = {Proceedings of the National Academy of Sciences of the United States of America},
  author = {P. B. Reich and J. Oleksyn},
  year = {2004},
  pages = {11001--11006},
}

@Article{Reich-2007,
  title = {Predicting leaf physiology from simple plant and climate attributes: A global {GLOPNET} analysis},
  volume = {17},
  journal = {Ecological Applications},
  author = {P. B. Reich and I. J. Wright and C. H. Lusk},
  year = {2007},
  pages = {1982--1988},
}

@Article{Reich-2014a,
  title = {Biogeographic variation in evergreen conifer needle longevity and impacts on boreal forest carbon cycle projections},
  volume = {111},
  doi = {10.1073/pnas.1216054110},
  journal = {Proceedings of the National Academy of Sciences},
  author = {Peter B. Reich and Roy L. Rich and Xingjie Lu and Ying-Ping Wang and Jacek Oleksyn},
  year = {2014},
  pages = {13703--13708},
}

@article{Sack-2004,
  title = {Responses of Temperate Woody Seedlings to Shade and Drought: Do Trade-Offs Limit Potential Niche Differentiation?},
  volume = {107},
  shorttitle = {Responses of Temperate Woody Seedlings to Shade and Drought},
  number = {1},
  journal = {Oikos},
  author = {Sack, Lawren},
  year = {2004},
  pages = {110--127}
}

@article{Sakschewski-2015,
  title = {Leaf and stem economics spectra drive diversity of functional plant traits in a dynamic global vegetation model},
  volume = {21},
  doi = {10.1111/gcb.12870},
  number = {7},
  journal = {Global Change Biology},
  author = {Sakschewski, Boris and {von Bloh}, Werner and Boit, Alice and Rammig, Anja and Kattge, Jens and Poorter, Lourens and Pe{\~n}uelas, Josep and Thonicke, Kirsten},
  month = jul,
  year = {2015},
  pages = {2711--2725}
}


@article{Savage-2013,
  title = {Phenological Cues Drive an Apparent Trade-off between Freezing Tolerance and Growth in the Family {{Salicaceae}}},
  volume = {94},
  number = {8},
  journal = {Ecology},
  author = {Savage, Jessica A. and Cavender-Bares, Jeannine},
  year = {2013},
  pages = {1708--1717}
}

@Article{Scheiter-2009,
  title = {Impacts of climate change on the vegetation of Africa: an adaptive dynamic vegetation modelling approach},
  volume = {15},
  doi = {10.1111/j.1365-2486.2008.01838.x},
  number = {9},
  journal = {Global Change Biology},
  author = {Simon Scheiter and Steven I. Higgins},
  year = {2009},
  pages = {2224--2246},
}

@Article{Scheiter-2013,
  title = {Next-generation dynamic global vegetation models: learning from community ecology},
  volume = {198},
  doi = {10.1111/nph.12210},
  number = {3},
  journal = {New Phytologist},
  author = {Simon Scheiter and Liam Langan and Steven I. Higgins},
  year = {2013},
  pages = {957--969},
}


@article{Sharkey-2007,
  title = {Fitting Photosynthetic Carbon Dioxide Response Curves for {{C3}} Leaves},
  volume = {30},
  doi = {10.1111/j.1365-3040.2007.01710.x},
  number = {9},
  journal = {Plant, Cell \& Environment},
  author = {Sharkey, Thomas D. and Bernacchi, Carl J. and Farquhar, Graham D. and Singsaas, Eric L.},
  month = sep,
  year = {2007},
  pages = {1035--1040}
}


@Article{Simova-2015,
  title = {Shifts in trait means and variances in North American tree assemblages: species richness patterns are loosely related to the functional space},
  doi = {10.1111/ecog.00867},
  journal = {Ecography},
  volume = 38,
  author = {Irena Simova and Cyrille Violle and Nathan J. B. Kraft and David Storch and Jens-Christian Svenning and Brad Boyle and John C. Donoghue and Peter Jorgensen and Brian J. McGill and Naia Morueta-Holme and William H. Piel and Robert K. Peet and Jim Regetz and Mark Schildhauer and Nick Spencer and Barbara Thiers and Susan Wiser and Brian J. Enquist},
  year = 2015,
  pages = {649--658}
}

@Article{Sitch-2008,
  title = {Evaluation of the terrestrial carbon cycle, future plant geography and climate-carbon cycle feedbacks using five Dynamic Global Vegetation Models ({DGVMs})},
  volume = {14},
  doi = {10.1111/j.1365-2486.2008.01626.x},
  number = {9},
  journal = {Global Change Biology},
  author = {S. Sitch and C. Huntingford and N. Gedney and P. E. Levy and M. Lomas and S. L. Piao and R. Betts and P. Ciais and P. Cox and P. Friedlingstein and C. D. Jones and I. C. Prentice and F. I. Woodward},
  year = {2008},
  pages = {2015--2039},
}

@Article{Skelton-2015,
  title = {Predicting plant vulnerability to drought in biodiverse regions using functional traits},
  volume = {112},
  doi = {10.1073/pnas.1503376112},
  number = {18},
  journal = {Proceedings of the National Academy of Sciences},
  author = {Robert Paul Skelton and Adam G. West and Todd E. Dawson},
  year = {2015},
  pages = {5744--5749},
}

@Article{Smith-1989,
  title = {A theory of the spatial and temporal dynamics of plant communities},
  volume = {83},
  doi = {10.1007/BF00031680},
  number = {1-2},
  journal = {Vegetatio},
  author = {Thomas Smith and Michael Huston},
  year = {1989},
  pages = {49--69},
}


@article{Sperry-2016,
  title = {Pragmatic Hydraulic Theory Predicts Stomatal Responses to Climatic Water Deficits},
  volume = {212},
  doi = {10.1111/nph.14059},
  number = {3},
  journal = {New Phytologist},
  author = {Sperry, John S. and Wang, Yujie and Wolfe, Brett T. and Mackay, D. Scott and Anderegg, William R. L. and McDowell, Nate G. and Pockman, William T.},
  month = nov,
  year = {2016},
  pages = {577--589}
}


@article{Sperry-2017,
  title = {Predicting Stomatal Responses to the Environment from the Optimization of Photosynthetic Gain and Hydraulic Cost: {{A}} Stomatal Optimization Model},
  volume = {40},
  shorttitle = {Predicting Stomatal Responses to the Environment from the Optimization of Photosynthetic Gain and Hydraulic Cost},
  doi = {10.1111/pce.12852},
  number = {6},
  journal = {Plant, Cell \& Environment},
  author = {Sperry, John S. and Venturas, Martin D. and Anderegg, William R. L. and Mencuccini, Maurizio and Mackay, D. Scott and Wang, Yujie and Love, David M.},
  month = jun,
  year = {2017},
  pages = {816--830}
}


@Article{Stahl-2014,
  title = {Predicting species' range limits from functional traits for the tree flora of North America},
  volume = {111},
  url = {http://www.pnas.org/content/111/38/13739.short},
  number = {38},
  journal = {Proceedings of the National Academy of Sciences},
  author = {Ulrike Stahl and Bj{\"o}rn Reu and Christian Wirth},
  year = {2014},
  pages = {13739--13744},
}

@article{Sterck-2011,
  title = {Functional Traits Determine Trade-Offs and Niches in a Tropical Forest Community},
  volume = {108},
  doi = {10.1073/pnas.1106950108},
  number = {51},
  journal = {Proceedings of the National Academy of Sciences},
  author = {Sterck, F. and Markesteijn, L. and Schieving, F. and Poorter, L.},
  year = {2011},
  pages = {20627--20632}
}

@article{Sitch-2003a,
  title = {Evaluation of Ecosystem Dynamics, Plant Geography and Terrestrial Carbon Cycling in the {{LPJ}} Dynamic Global Vegetation Model},
  volume = {9},
  number = {2},
  journal = {Global Change Biology},
  author = {Sitch, S and Smith, B and Prentice, I C and Arneth, A and Bondeau, A and Cramer, W and Kaplan, J O and Levis, S and Lucht, W and Sykes, M T and Thonicke, K and Venevsky, S},
  year = {2003},
  pages = {161--185}
}

@Article{Swenson-2010,
  title = {Plant geography upon the basis of functional traits: an example from eastern North American trees.},
  volume = {91},
  journal = {Ecology},
  author = {Nathan G Swenson and Michael D Weiser},
  year = {2010},
  pages = {2234--41},
}

@Article{VanBodegom-2014,
  title = {A fully traits-based approach to modeling global vegetation distribution},
  doi = {10.1073/pnas.1304551110},
  journal = {Proceedings of the National Academy of Sciences},
  author = {Peter M. Van Bodegom and Jacob C. Douma and Lieneke M. Verheijen},
  year = {2014},
  pages = {201304551},
}

@Article{vanOmmenKloeke-2012,
  title = {Global quantification of contrasting leaf life span strategies for deciduous and evergreen species in response to environmental conditions},
  volume = {21},
  doi = {10.1111/j.1466-8238.2011.00667.x},
  journal = {Global Ecology and Biogeography},
  author = {A. E. E. van Ommen Kloeke and J. C. Douma and J. C. Ordo{\~n}ez and P. B. Reich and P. M. van Bodegom},
  year = {2012},
  pages = {224--235},
}


@article{Walker-2014,
  title = {The Relationship of Leaf Photosynthetic Traits - {{Vcmax}} and {{Jmax}} - to Leaf Nitrogen, Leaf Phosphorus, and Specific Leaf Area: A Meta-Analysis and Modeling Study},
  volume = {4},
  shorttitle = {The Relationship of Leaf Photosynthetic Traits - {{{\emph{V}}}} {\textsubscript{Cmax}} and {{{\emph{J}}}} {\textsubscript{Max}} - to Leaf Nitrogen, Leaf Phosphorus, and Specific Leaf Area},
  doi = {10.1002/ece3.1173},
  number = {16},
  journal = {Ecology and Evolution},
  author = {Walker, Anthony P. and Beckerman, Andrew P. and Gu, Lianhong and Kattge, Jens and Cernusak, Lucas A. and Domingues, Tomas F. and Scales, Joanna C. and Wohlfahrt, Georg and Wullschleger, Stan D. and Woodward, F. Ian},
  month = aug,
  year = {2014},
  pages = {3218--3235}
}



@article{Wang-2017,
  title = {Towards a Universal Model for Carbon Dioxide Uptake by Plants},
  volume = {3},
  doi = {10.1038/s41477-017-0006-8},
  number = {9},
  journal = {Nature Plants},
  author = {Wang, Han and Prentice, I. Colin and Keenan, Trevor F. and Davis, Tyler W. and Wright, Ian J. and Cornwell, William K. and Evans, Bradley J. and Peng, Changhui},
  month = sep,
  year = {2017},
  pages = {734--741}
}



@article{Wolf-2016,
  title = {Optimal Stomatal Behavior with Competition for Water and Risk of Hydraulic Impairment},
  volume = {113},
  doi = {10.1073/pnas.1615144113},
  number = {46},
  journal = {Proceedings of the National Academy of Sciences},
  author = {Wolf, Adam and Anderegg, William R. L. and Pacala, Stephen W.},
  month = nov,
  year = {2016},
  pages = {E7222--E7230}
}


@article{Wright-2002b,
  title = {Convergence towards Higher Leaf Mass per Area in Dry and Nutrient-Poor Habitats Has Different Consequences for Leaf Life Span},
  volume = {90},
  number = {3},
  journal = {Journal of ecology},
  author = {Wright, Ian J. and Westoby, Mark and Reich, Peter B.},
  year = {2002},
  pages = {534--543}
}

@Article{Wright-2002a,
  title = {Leaves at low versus high rainfall: coordination of structure, lifespan and physiology},
  volume = {155},
  doi = {10.1046/j.1469-8137.2002.00479.x},
  journal = {New Phytologist},
  author = {I. J. Wright and M. Westoby},
  year = {2002},
  pages = {403--416},
}

@Article{Wright-2003,
  title = {Least-Cost Input Mixtures of Water and Nitrogen for Photosynthesis},
  volume = {161},
  doi = {10.1086/344920},
  number = {1},
  journal = {The American Naturalist},
  author = {Ian J. Wright and Peter B. Reich and Mark Westoby},
  year = {2003},
  pages = {98--111},
}

@Article{Wright-2004,
  title = {The world-wide leaf economics spectrum},
  volume = {428},
  doi = {10.1038/nature02403},
  journal = {Nature},
  author = {I. J. Wright and P. B. Reich and M. Westoby and D.D. Ackerly and Z. Baruch and F. Bongers and J. Cavender-Bares and F.S. Chapin and J.H.C. Cornelissen and M. Diemer and J. Flexas and E. Garnier and P.K. Groom and J. Gulias and K. Hikosaka and B.B. Lamont and T. Lee and W. Lee and C. Lusk and J.J. Midgley and M-L. Navas and {\"U}. Niinemets and J. Oleksyn and N. Osada and H. Poorter and P. Poot and L. Prior and V.I. Pyankov and C. Roumet and S.C. Thomas and M.G. Tjoelker and E. Veneklaas and R. Villar},
  year = {2004},
  pages = {821--827},
}

@Article{Wright-2005,
  title = {Modulation of leaf economic traits and trait relationships by climate},
  volume = {14},
  doi = {10.1111/j.1466-822x.2005.00172.x},
  journal = {Global Ecology and Biogeography Letters},
  author = {I. J. Wright and P. B. Reich and J. H. C. Cornelissen and D. S. Falster and P. K. Groom and K. Hikosaka and W. Lee and C. H. Lusk and {\"U}. Niinemets and J. Oleksyn and N. Osada and H. Poorter and D. I. Warton and M. Westoby},
  year = {2005},
  pages = {411--421},
}


@article{Zanne-2010,
  title = {Angiosperm Wood Structure: {{Global}} Patterns in Vessel Anatomy and Their Relation to Wood Density and Potential Conductivity},
  volume = {97},
  doi = {10.3732/ajb.0900178},
  number = {2},
  journal = {American Journal of Botany},
  author = {Zanne, A E and Westoby, Mark and Falster, D. S. and Ackerly, David D. and Loarie, S. R. and Arnold, S. E. J. and a. Coomes, D.},
  year = {2010},
  pages = {207--215}
}




@Article{Zavala-2005,
  title = {A mechanistic model of tree competition and facilitation for Mediterranean forests: Scaling from leaf physiology to stand dynamics},
  volume = {188},
  doi = {10.1016/j.ecolmodel.2005.05.006},
  number = {1},
  journal = {Ecological Modelling},
  author = {M.A. Zavala and R. Bravo de la Parra},
  year = {2005},
  pages = {76--92},
}

